@book{Oxford94Dictionary,
    Address = {Oxford},
    Author = {Michael Kennedy},
    Publisher = {Oxford University Press},
    Title = {The Oxford Dictionary of Music},
    Year = {1994}}

@article{Harma00warping,
	Address = {New York},
	Author = {Aki H{\"a}rm{\"a} and Matti Karjalinen and Lauri Savioja and Vesa V{\"a}lim{\"a}ki and Unto K. Laine and Jyri Huopaniemi},
	Journal = {Journal of the Audio Engineering Society},
	Number = {11},
	Pages = {1011--1031},
	Title = {Frequency-Warped Signal Processing for Audio Applications},
	Volume = {48},
	Year = {2000}}

@article{Oppenheim74Unequal,
	Author = {Carlo Braccini and Alan V. Oppenheim},
	Journal = {IEEE Transactions on Acoutsics, Speech, and Signal Processing},
	Number = {4},
	Pages = {236--244},
	Title = {Unequal Bandwith Spectral Analysis using Digital Frequency Warping},
	Volume = {ASSP-22},
	Year = {1974}}
	
@article{Oppenheim72Discrete,
	Author = {Alan V. Oppenheim and Donald H. Johnson},
	Journal = {Proceedings of the IEEE},
	Number = {6},
	Pages = {681--691},
	Title = {Discrete Representation of Signals},
	Volume = {60},
	Year = {1972}}

@misc{wiki15Boids,
	Author = {Wikipedia},
	Date-Added = {2015-04-29 20:57:29 +0000},
	Date-Modified = {2015-05-02 16:25:33 +0000},
	Note = {[Online; accessed 29-April-2015]},
	Title = {Boids --- Wikipedia{,} The Free Encyclopedia},
	Url = {http://en.wikipedia.org/w/index.php?title=Boids&oldid=647575042},
	Year = {2015},
	Bdsk-Url-1 = {http://en.wikipedia.org/w/index.php?title=Boids&oldid=647575042}}

@misc{Wiki15flocking,
	Author = {Wikipedia},
	Date-Added = {2015-04-29 20:56:41 +0000},
	Date-Modified = {2015-05-02 16:25:30 +0000},
	Note = {[Online; accessed 29-April-2015]},
	Title = {Flocking (behavior) --- Wikipedia{,} The Free Encyclopedia},
	Url = {http://en.wikipedia.org/w/index.php?title=Flocking_(behavior)&oldid=655113301},
	Year = {2015},
	Bdsk-Url-1 = {http://en.wikipedia.org/w/index.php?title=Flocking_(behavior)&oldid=655113301}}

@article{Olfati06flockingAlgorTheory,
	Author = {Olfati-Saber, R.},
	Date-Added = {2015-04-29 20:33:45 +0000},
	Date-Modified = {2015-05-02 16:25:25 +0000},
	Doi = {10.1109/TAC.2005.864190},
	Issn = {0018-9286},
	Journal = {Automatic Control, IEEE Transactions on},
	Number = {3},
	Pages = {401-420},
	Title = {Flocking for multi-agent dynamic systems: algorithms and theory},
	Volume = {51},
	Year = {2006},
	Bdsk-Url-1 = {http://dx.doi.org/10.1109/TAC.2005.864190}}

@article{Reynolds87behavioral,
	Author = {Reynolds, Craig W},
	Booktitle = {SIGGRAPH Conference},
	Date-Added = {2015-04-29 21:00:37 +0000},
	Date-Modified = {2015-05-02 16:25:22 +0000},
	Title = {Flocks, herds, and schools: A distributed behavioral model},
	Year = {1987}}

@article{Lorek93multiProcessorFlocking,
	Author = {Lorek, Helmut and White, Matthew},
	Date-Added = {2015-04-29 20:45:40 +0000},
	Date-Modified = {2015-05-02 16:25:19 +0000},
	Journal = {Parallel Processing for Graphics and Scientific Visualization},
	Publisher = {Citeseer},
	Title = {Parallel bird flocking simulation},
	Year = {1993}}

@inproceedings{Zhou04parallelSimGroupBehaviour,
	Acmid = {1161806},
	Author = {Zhou, Bo and Zhou, Suiping},
	Booktitle = {Proceedings of the 36th Conference on Winter Simulation},
	Date-Added = {2015-04-29 20:52:01 +0000},
	Date-Modified = {2015-05-02 16:25:15 +0000},
	Isbn = {0-7803-8786-4},
	Location = {Washington, D.C.},
	Numpages = {7},
	Pages = {364--370},
	Publisher = {Winter Simulation Conference},
	Series = {WSC '04},
	Title = {Parallel Simulation of Group Behaviors},
	Url = {http://dl.acm.org/citation.cfm?id=1161734.1161806},
	Year = {2004},
	Bdsk-Url-1 = {http://dl.acm.org/citation.cfm?id=1161734.1161806}}


@article{Hemelrikj11CausesOfFlocks,
	Author = {Hemelrijk, Charlotte K. AND Hildenbrandt, Hanno},
	Date-Added = {2015-05-02 16:31:28 +0000},
	Date-Modified = {2015-05-02 16:32:02 +0000},
	Doi = {10.1371/journal.pone.0022479},
	Journal = {PLoS ONE},
	Month = {08},
	Number = {8},
	Pages = {e22479},
	Publisher = {Public Library of Science},
	Title = {Some Causes of the Variable Shape of Flocks of Birds},
	Url = {http://dx.doi.org/10.1371%2Fjournal.pone.0022479},
	Volume = {6},
	Year = {2011},
	Bdsk-Url-1 = {http://dx.doi.org/10.1371%2Fjournal.pone.0022479},
	Bdsk-Url-2 = {http://dx.doi.org/10.1371/journal.pone.0022479}}
    

@book{Wiener93quote,
	Address = {Boston, MA, USA},
	Author = {Wiener, Lauren Ruth},
	Date-Added = {2015-05-04 08:02:38 +0000},
	Date-Modified = {2015-05-04 08:03:16 +0000},
	Isbn = {0201626098},
	Publisher = {Addison-Wesley Longman Publishing Co., Inc.},
	Title = {Digital Woes: Why We Should Not Depend on Software},
	Year = {1993}}

@misc{unknown15flockingrules,
	Date-Added = {2015-05-05 17:43:57 +0000},
	Date-Modified = {2015-05-06 10:26:28 +0000},
    Note = {[Online; accessed 5-May-2015]},
	Lastchecked = {18:44},
	Title = {Future Data Lab - http://www.futuredatalab.com/steeringbehaviors/},
	Url = {http://www.futuredatalab.com/steeringbehaviors/},
	Year = {2015}}

@misc{wiki15simulation,
	Author = {Wikipedia},
	Date-Added = {2015-05-06 10:23:52 +0000},
	Date-Modified = {2015-05-06 10:24:15 +0000},
	Note = {[Online; accessed 6-May-2015]},
	Title = {Simulation --- Wikipedia{,} The Free Encyclopedia},
	Url = {http://en.wikipedia.org/w/index.php?title=Simulation&oldid=659090775},
	Year = {2015},
	Bdsk-Url-1 = {http://en.wikipedia.org/w/index.php?title=Simulation&oldid=659090775}}


